@article{McBride2009,
	author = {Conor McBride},
	year = {2009},
	month = {04},
	title = {The Derivative of a Regular Type is its Type of One-Hole Contexts (Extended Abstract)},
	language = {english}
}

@article{Carcia2008,
	author = {Nicholas Carcia and Greg Heartsfield},
	year = {2008},
	month = {05},
	title = {Formal Verification of Huet's Zipper in Coq},
	language = {english}
}

@article{Huet1997,
	author = {Huet, G{\'e}rard},
	title = {The Zipper},
	journal = {J. Funct. Program.},
	issue_date = {September 1997},
	volume = {7},
	number = {5},
	month = sep,
	year = {1997},
	issn = {0956-7968},
	pages = {549--554},
	numpages = {6},
	url = {http://dx.doi.org/10.1017/S0956796897002864},
	doi = {10.1017/S0956796897002864},
	acmid = {969872},
	publisher = {Cambridge University Press},
	address = {New York, NY, USA},
	language = {english}
} 

@article{Okasaki1996,
	author = {Chris Okasaki},
	title = {Purely Functional Data Structures},
	year = {1996},
	pages = {5-6},
	url = {https://www.cs.cmu.edu/~rwh/theses/okasaki.pdf},
	urldate = {2018-07-12},
	language = {english}
}


@MVBOOK{Cormen2002,
    author = {Thomas Cormen},
    title = {Introduction to Algorithms},
    year = {2002}, 
    language = {english},
    publisher = {The MIT Press}
}
